@incollection{wd,
title = {A Simple Weight Decay Can Improve Generalization},
author = {Anders Krogh and John A. Hertz},
booktitle = {Advances in Neural Information Processing Systems 4},
editor = {J. E. Moody and S. J. Hanson and R. P. Lippmann},
pages = {950--957},
year = {1992},
publisher = {Morgan-Kaufmann},
url = {http://papers.nips.cc/paper/563-a-simple-weight-decay-can-improve-generalization.pdf}
}


@article{ml,
  author    = {Chelsea Finn and
               Pieter Abbeel and
               Sergey Levine},
  title     = {Model-Agnostic Meta-Learning for Fast Adaptation of Deep Networks},
  journal   = {CoRR},
  volume    = {abs/1703.03400},
  year      = {2017},
  url       = {http://arxiv.org/abs/1703.03400},
  archivePrefix = {arXiv},
  eprint    = {1703.03400},
  timestamp = {Mon, 13 Aug 2018 16:47:43 +0200},
  biburl    = {https://dblp.org/rec/journals/corr/FinnAL17.bib},
  bibsource = {dblp computer science bibliography, https://dblp.org}
}

@article{gnn,
  author    = {Jie Zhou and
               Ganqu Cui and
               Zhengyan Zhang and
               Cheng Yang and
               Zhiyuan Liu and
               Maosong Sun},
  title     = {Graph Neural Networks: {A} Review of Methods and Applications},
  journal   = {CoRR},
  volume    = {abs/1812.08434},
  year      = {2018},
  url       = {http://arxiv.org/abs/1812.08434},
  archivePrefix = {arXiv},
  eprint    = {1812.08434},
  timestamp = {Wed, 02 Jan 2019 14:40:18 +0100},
  biburl    = {https://dblp.org/rec/journals/corr/abs-1812-08434.bib},
  bibsource = {dblp computer science bibliography, https://dblp.org}
}

@article{dropout,
  author  = {Nitish Srivastava and Geoffrey Hinton and Alex Krizhevsky and Ilya Sutskever and Ruslan Salakhutdinov},
  title   = {Dropout: A Simple Way to Prevent Neural Networks from Overfitting},
  journal = {Journal of Machine Learning Research},
  year    = {2014},
  volume  = {15},
  number  = {56},
  pages   = {1929-1958},
  url     = {http://jmlr.org/papers/v15/srivastava14a.html}
}

@misc{adam,
      title={Adam: A Method for Stochastic Optimization}, 
      author={Diederik P. Kingma and Jimmy Ba},
      year={2017},
      eprint={1412.6980},
      archivePrefix={arXiv},
      primaryClass={cs.LG}
}

@misc{spectral,
      title={Spectral Norm Regularization for Improving the Generalizability of Deep Learning}, 
      author={Yuichi Yoshida and Takeru Miyato},
      year={2017},
      eprint={1705.10941},
      archivePrefix={arXiv},
      primaryClass={stat.ML}
}



@article{Neyshaubar,
  author    = {Behnam Neyshabur and
               Srinadh Bhojanapalli and
               David McAllester and
               Nathan Srebro},
  title     = {Exploring Generalization in Deep Learning},
  journal   = {CoRR},
  volume    = {abs/1706.08947},
  year      = {2017},
  url       = {http://arxiv.org/abs/1706.08947},
  archivePrefix = {arXiv},
  eprint    = {1706.08947},
  timestamp = {Mon, 13 Aug 2018 16:47:55 +0200},
  biburl    = {https://dblp.org/rec/journals/corr/NeyshaburBMS17.bib},
  bibsource = {dblp computer science bibliography, https://dblp.org}
}
@article{Arora,
  author    = {Sanjeev Arora and
               Rong Ge and
               Behnam Neyshabur and
               Yi Zhang},
  title     = {Stronger generalization bounds for deep nets via a compression approach},
  journal   = {CoRR},
  volume    = {abs/1802.05296},
  year      = {2018},
  url       = {http://arxiv.org/abs/1802.05296},
  archivePrefix = {arXiv},
  eprint    = {1802.05296},
  timestamp = {Mon, 13 Aug 2018 16:47:54 +0200},
  biburl    = {https://dblp.org/rec/journals/corr/abs-1802-05296.bib},
  bibsource = {dblp computer science bibliography, https://dblp.org}
}
@misc{SiNU,
      title={Implicit Neural Representations with Periodic Activation Functions}, 
      author={Vincent Sitzmann and Julien N. P. Martel and Alexander W. Bergman and David B. Lindell and Gordon Wetzstein},
      year={2020},
      eprint={2006.09661},
      archivePrefix={arXiv},
      primaryClass={cs.CV}
}
